% Encoding: windows-1250

@Electronic{rosurl,
  title = {ROS službene stranice},
  url   = {www.ros.org},
  note  = {{, 17. rujna 2020.}},
}

@Electronic{monoabout,
  author = {Mono Project},
  title  = {Mono},
  url    = {https://www.mono-project.com/docs/about-mono/},
  note   = {{, 21. rujna 2020.}},
}

@Electronic{rossharprepo,
  author = {Siemens},
  title  = {ROS\#},
  url    = {https://github.com/siemens/ros-sharp},
  note   = {{, 23. rujna 2020.}},
}

@Electronic{unityassetstore,
  author = {Unity Technologies},
  title  = {Unity Asset Store},
  url    = {https://assetstore.unity.com},
  note   = {{, 22. rujna 2020.}},
}

@Electronic{netcoreinstall,
	author = {Microsoft},
	title  = {.NET Core instalacija},
	url    = {https://docs.microsoft.com/en-us/dotnet/core/install/linux-ubuntu#2004-},
	note   = {{, 24. rujna 2020.}},
}

@Electronic{vscodeconfig,
	author = {Microsoft},
	title  = {Visual Studio Code konfiguracija},
	url    = {https://code.visualstudio.com/docs/other/unity},
	note   = {{, 24. rujna 2020.}},
}

@Electronic{monoinstall,
	author = {Mono Project},
	title  = {Instalacija Mono radne okoline},
	url    = {https://www.mono-project.com/download/stable/#download-lin},
	note   = {{, 24. rujna 2020.}},
}

@Electronic{turtlebotinstall,
	author = {Robotis},
	title  = {Instalacija Turtlebot 3 paketa},
	url    = {https://emanual.robotis.com/docs/en/platform/turtlebot3/pc_setup/#pc-setup},
	note   = {{, 24. rujna 2020.}},
}

@Electronic{openslamgit,
	title  = {ROS paketi percepcije},
	url    = {https://github.com/ros-perception},
	note   = {{, 28. rujna 2020.}},
}

@Electronic{rosbridgegit,
	author = {Robot Web Tools},
	title  = {RosBridge},
	url    = {https://github.com/RobotWebTools/rosbridge_suite},
	note   = {{, 28. rujna 2020.}},
}

@Electronic{rossharpgazebosim,
	author = {Siemens},
	title  = {ROS\# gazebo simulacija},
	url    = {https://github.com/siemens/ros-sharp/wiki/User_App_ROS_GazeboSimulationExample},
	note   = {{, 30. prosinca 2020.}},
}

@Electronic{rosbridgesuite,
	author = {ROS},
	title  = {RosBridgeSuite},
	url    = {http://wiki.ros.org/rosbridge_suite},
	note   = {{, 03. sijecnja 2021.}},
}

@Comment{jabref-meta: databaseType:biblatex;}
